Nr,Account,Posting Date,Transaction Date,Description,Original Description,Category,Money In,Money Out,Fee,Balance
1,6013080266,2024-12-02,2024-12-02 17:21,Toys R Us Durban (Card 7784),Toys R Us Babies R Us  Durban         ZA,Gifts,,-184.90,,-3269.23
2,6013080266,2024-12-02,2024-12-02 12:17,Creative Tension Cape Town (Card 7784),Creative Tension       Cape Town      ZA,Parking,,-6.00,,-3269.23
3,6013080266,2024-12-02,2024-12-02 11:56,Hpy*tip Top Tailors Johannesburg (Card 7784),HPY*Tip top Tailors    Johannesburg   ZA,Clothing & Shoes,,-90.00,,-3269.23
4,6013080266,2024-12-02,2024-12-02 11:55,Card Purchase,,Clothing & Shoes,,-4500.00,,-3269.23
5,6013080266,2024-12-02,2024-11-30 09:25,McDonalds Banbury (Card 7784),MCD Strijdom Park(0026 Banbury        ZA,Takeaways,,-51.90,,-3269.23
6,6013080266,2024-12-02,2024-11-30 15:23,Yoco *bubble Freak Johannesburg (Card 7784),Yoco   *Bubble  Freak  Johannesburg GPZA,Restaurants,,-50.00,,-3217.33
7,6013080266,2024-12-02,2024-11-30 16:33,Yoco *megan Sandton (Card 7784),Yoco   *Megan          Sandton      GPZA,Sport & Hobbies,,-20.00,,-3167.33
8,6013080266,2024-12-02,2024-11-30 14:07,Yoco *the Filthy Mou Johannesburg (Card 7784),Yoco   *The Filthy Mou Johannesburg GPZA,Restaurants,,-71.00,,-3147.33
9,6013080266,2024-12-02,2024-11-30 14:06,Yoco *the Filthy Mou Johannesburg (Card 7784),Yoco   *The Filthy Mou Johannesburg GPZA,Restaurants,,-80.00,,-3076.33
10,6013080266,2024-12-02,2024-11-30 14:29,Yoco *the Faraldos Midrand (Card 7784),Yoco   *THE FARALDOS   Midrand      GPZA,Groceries,,-385.00,,-2996.33
11,6013080266,2024-12-02,2024-11-30 15:02,Yoco *monate Coffee Johannesburg (Card 7784),Yoco   *Monate Coffee  Johannesburg GPZA,Groceries,,-40.00,,-2611.33
12,6013080266,2024-12-01,2024-12-01 16:00,Sasol Johannesburg (Card 7784),SASOL MALANSHOF        Johannesburg   ZA,Fuel,,-859.26,,-2571.33
13,6013080266,2024-12-01,2024-12-01 12:43,Superspar Gauteng South (Card 7784),SuperSpar Blackheath   Gauteng South  ZA,Groceries,,-541.81,,-2571.33
14,6013080266,2024-12-01,2024-12-01 12:09,Smw 0707 Cresta Gp (Card 7784),SMW 0707 Cresta        GP             ZA,Sport & Hobbies,,-166.80,,-2571.33
15,6013080266,2024-12-01,2024-11-28 07:44,Online Purchase: Lancet Labs Tokai (Card 7784),PAYFAST*Lancet Laborat TOKAI          ZA,Doctors & Therapists,,-116.60,,-2571.33
16,6013080266,2024-12-01,2024-11-29 19:45,Yoco *cherrypie Pty Johannesburg (Card 7784),Yoco   *Cherrypie Pty  Johannesburg GPZA,Restaurants,,-44.00,,-2454.73
17,6013080266,2024-12-01,2024-11-29 19:00,Yoco *cherrypie Pty Johannesburg (Card 7784),Yoco   *Cherrypie Pty  Johannesburg GPZA,Restaurants,,-132.00,,-2410.73
18,6013080266,2024-12-01,2024-12-01 10:45,Naked Insurance Johannesburg (Card 7784),Naked Insurance        Johannesburg   ZA,Vehicle Insurance,,-1049.00,,-2278.73
19,6013080266,2024-12-01,2024-11-29 11:46,Woolworths Randburg (Card 7784),WOOLWORTHS             RANDBURG     GPZA,Groceries,,-433.59,,-2278.73
20,6013080266,2024-12-01,2024-11-28 18:16,Pick n Pay Cresta (Card 7784),PICK N PAY BRIGHT WA   CRESTA         ZA,Groceries,,-32.00,,-1845.14
21,6013080266,2024-12-01,2024-11-28 16:29,Checkers Randburg (Card 7784),Checkers Ferndale      RANDBURG       ZA,Groceries,,-124.97,,-1813.14
22,6013080266,2024-11-30,2024-11-30 22:39,Insurance Payment: Unemployment (Excluding Disability),,Fees,,,-8.21,-1688.17
23,6013080266,2024-11-30,2024-11-30 22:39,Disability Insurance Payment,,Fees,,,-0.32,-1679.96
24,6013080266,2024-11-30,2024-11-30 22:39,Death Insurance Payment,,Fees,,,-4.37,-1679.64
25,6013080266,2024-11-30,2024-11-30 22:39,Monthly Credit Card Service Fee,,Fees,,,-50.00,-1675.27
26,6013080266,2024-11-30,2024-11-30 22:39,Interest Received,,Interest,3.44,,,-1625.27
27,6013080266,2024-11-30,2024-11-28 18:23,Pick n Pay Randburg (Card 7784),PnP Fam Ferndale Repub RANDBURG     GPZA,Groceries,,-46.99,,-1628.71
28,6013080266,2024-11-30,2024-11-28 11:57,Recurring Card Purchase: Uber Johannesburg (Card 7784),FLW*UBER TRIPS         Johannesburg   ZA,Other Transport,,-20.00,,-1581.72